<?xml version="1.0" encoding="UTF-8"?><record xmlns="http://www.loc.gov/MARC21/slim" xmlns:cinclude="http://apache.org/cocoon/include/1.0" xmlns:zs="http://www.loc.gov/zing/srw/">
  <leader>00717nz  a2200181n  4500</leader>
  <controlfield tag="001">no2014096883</controlfield>
  <controlfield tag="003">DLC</controlfield>
  <controlfield tag="005">20140723073553.0</controlfield>
  <controlfield tag="008">140722n| azannaabn          |b ana     c</controlfield>
  <datafield tag="010" ind1=" " ind2=" ">
    <subfield code="a">no2014096883</subfield>
  </datafield>
  <datafield tag="035" ind1=" " ind2=" ">
    <subfield code="a">(OCoLC)oca09914611</subfield>
  </datafield>
  <datafield tag="040" ind1=" " ind2=" ">
    <subfield code="a">MH-L</subfield>
    <subfield code="b">eng</subfield>
    <subfield code="e">rda</subfield>
    <subfield code="c">MH-L</subfield>
  </datafield>
  <datafield tag="046" ind1=" " ind2=" ">
    <subfield code="s">20090612</subfield>
  </datafield>
  <datafield tag="111" ind1="2" ind2=" ">
    <subfield code="a">Fa yuan yuan zhang lun tan</subfield>
    <subfield code="n">(2nd :</subfield>
    <subfield code="d">2009 :</subfield>
    <subfield code="c">Shanghai, China)</subfield>
  </datafield>
  <datafield tag="370" ind1=" " ind2=" ">
    <subfield code="e">Shanghai (China)</subfield>
    <subfield code="2">naf</subfield>
  </datafield>
  <datafield tag="411" ind1="2" ind2=" ">
    <subfield code="a">法院院长论坛</subfield>
    <subfield code="n">(2nd :</subfield>
    <subfield code="d">2009 :</subfield>
    <subfield code="c">上海, China)</subfield>
  </datafield>
  <datafield tag="667" ind1=" " ind2=" ">
    <subfield code="a">Non-Latin script reference not evaluated.</subfield>
  </datafield>
  <datafield tag="670" ind1=" " ind2=" ">
    <subfield code="a">Li yi ping heng yu si fa gong zheng, 2011:</subfield>
    <subfield code="b">t.p. (法院院长论坛 = Fa yuan yuan zhang lun tan) page 246 (the second Fa yuan yuan zhang lun tan was held in Shanghai on June 12, 2009)</subfield>
  </datafield>
</record>